@article {povey10,
	author = {Hilary Povey},
	title = {Teaching for equity, teaching for mathematical engagement},
	journal = {Philosophy of Mathematics Education Journal},
	number = {25},
	year = {2010},
	month = {Oktober},
	ISSN = {1465-2978},
	URL = {http://people.exeter.ac.uk/PErnest/welcome.htm}
}
